<?xml version="1.0" encoding="UTF-8"?><collection xmlns="http://www.loc.gov/MARC21/slim"><record><leader>00425nam--2200133-i-4500</leader><controlfield tag="001">000019277</controlfield><controlfield tag="002">20161230</controlfield><controlfield tag="005">20161230201033</controlfield><controlfield tag="008">060222s1000------------r-----000-0-eng-d</controlfield><datafield ind1=" " ind2=" " tag="080"><subfield code="a">547</subfield></datafield><datafield ind1=" " ind2=" " tag="100"><subfield code="a">Eastwood, F.W.,Swan, J.M. And Youatt Jean B</subfield></datafield><datafield ind1=" " ind2=" " tag="245"><subfield code="a">Organic chemistry.a first university course in twelve programs.second edition.programs 1 to 6</subfield></datafield><datafield ind1=" " ind2=" " tag="260"><subfield code="a">Cambridge, At The University Press, 1970. 245 P</subfield></datafield><datafield ind1=" " ind2=" " tag="852"><subfield code="a">35447</subfield></datafield></record></collection>